<?xml version="1.0" encoding="UTF-8"?>
<record>
  <leader>01195nmm a2200289 c 4500</leader>
  <controlfield tag="003">DE-605</controlfield>
  <controlfield tag="005">20240906125011.0</controlfield>
  <controlfield tag="007">cr#|||||||||||</controlfield>
  <controlfield tag="008">110406|1883    gw      o  |        ger c</controlfield>
  <controlfield tag="001">990184766040206441</controlfield>
  <datafield tag="016" ind1="7" ind2=" ">
    <subfield code="a">179716832</subfield>
    <subfield code="2">OCoLC</subfield>
  </datafield>
  <datafield tag="035" ind1=" " ind2=" ">
    <subfield code="a">(DE-605)HT016770284</subfield>
  </datafield>
  <datafield tag="040" ind1=" " ind2=" ">
    <subfield code="a">929</subfield>
    <subfield code="b">ger</subfield>
    <subfield code="d">DE-605</subfield>
    <subfield code="e">rakwb</subfield>
  </datafield>
  <datafield tag="041" ind1=" " ind2=" ">
    <subfield code="a">ger</subfield>
  </datafield>
  <datafield tag="044" ind1=" " ind2=" ">
    <subfield code="c">XA-DXDE</subfield>
  </datafield>
  <datafield tag="100" ind1="1" ind2=" ">
    <subfield code="a">Cretschmar, Cornelius</subfield>
    <subfield code="d">1856-1926</subfield>
    <subfield code="0">(DE-588)11672613X</subfield>
    <subfield code="4">aut</subfield>
    <subfield code="0">https://d-nb.info/gnd/11672613X</subfield>
    <subfield code="0">http://viaf.org/viaf/49984186</subfield>
    <subfield code="B">GND-11672613X</subfield>
  </datafield>
  <datafield tag="245" ind1="1" ind2="0">
    <subfield code="a">&lt;&lt;Das&gt;&gt; Rheinische Civilrecht in seiner heutigen Geltung</subfield>
    <subfield code="h">[Elektronische Ressource]</subfield>
    <subfield code="c">Dargestellt u. erl. von Cretschmar</subfield>
  </datafield>
  <datafield tag="264" ind1=" " ind2="1">
    <subfield code="a">Düsseldorf</subfield>
    <subfield code="b">Bagel</subfield>
    <subfield code="c">1883</subfield>
  </datafield>
  <datafield tag="300" ind1=" " ind2=" ">
    <subfield code="a">VI, 808 S.</subfield>
  </datafield>
  <datafield tag="035" ind1=" " ind2=" ">
    <subfield code="a">(OCoLC)179716832</subfield>
  </datafield>
  <datafield tag="035" ind1=" " ind2=" ">
    <subfield code="a">(DE-599)HBZHT016770284</subfield>
  </datafield>
  <datafield tag="964" ind1="0" ind2="s">
    <subfield code="F">030</subfield>
    <subfield code="A">a|1uc||||||17</subfield>
  </datafield>
  <datafield tag="964" ind1="0" ind2="s">
    <subfield code="F">050</subfield>
    <subfield code="A">||||||||g|||||</subfield>
  </datafield>
  <datafield tag="964" ind1="0" ind2="s">
    <subfield code="F">051</subfield>
    <subfield code="A">m|||||||</subfield>
  </datafield>
  <datafield tag="856" ind1=" " ind2=" ">
    <subfield code="u">https://doi.org/10.48644/mpirg_sisis_125001</subfield>
    <subfield code="x">Digitalisierung</subfield>
    <subfield code="z">kostenfrei</subfield>
  </datafield>
  <datafield tag="776" ind1="0" ind2="8">
    <subfield code="i">Elektronische Reproduktion von</subfield>
    <subfield code="a">Cretschmar, Cornelius, 1856-1926</subfield>
    <subfield code="t">&lt;&lt;Das&gt;&gt; rheinische Civilrecht in seiner heutigen Geltung</subfield>
    <subfield code="w">(DE-605)HT000522767</subfield>
  </datafield>
  <datafield tag="533" ind1=" " ind2=" ">
    <subfield code="a">Online-Ausgabe</subfield>
    <subfield code="b">Frankfurt am Main</subfield>
    <subfield code="c">Max-Planck-Institut für europäische Rechtsgeschichte</subfield>
    <subfield code="d">2002</subfield>
    <subfield code="e">Online-Ressource</subfield>
    <subfield code="n">[Online-Ausg.]</subfield>
  </datafield>
  <datafield tag="MBD" ind1=" " ind2=" ">
    <subfield code="M">49HBZ_NETWORK</subfield>
    <subfield code="i">990184766040206441</subfield>
    <subfield code="n">HBZ Network</subfield>
  </datafield>
  <datafield tag="MNG" ind1=" " ind2=" ">
    <subfield code="c">SchackmannNZ</subfield>
    <subfield code="f">ILS</subfield>
    <subfield code="i">marc21</subfield>
    <subfield code="k">01</subfield>
    <subfield code="e">false</subfield>
    <subfield code="d">2024-09-06 12:50:11 Europe/Berlin</subfield>
    <subfield code="g">018476604-HBZ01</subfield>
    <subfield code="j">60</subfield>
    <subfield code="a">import</subfield>
    <subfield code="b">2021-04-05 15:04:51 Europe/Berlin</subfield>
  </datafield>
  <datafield tag="GPN" ind1="1" ind2=" ">
    <subfield code="a">Cretschmar, C.</subfield>
    <subfield code="d">1856-1926</subfield>
    <subfield code="A">GND</subfield>
    <subfield code="B">GND-11672613X</subfield>
    <subfield code="C">400</subfield>
  </datafield>
  <datafield tag="GPN" ind1="1" ind2=" ">
    <subfield code="a">Cretschmar, Corn.</subfield>
    <subfield code="d">1856-1926</subfield>
    <subfield code="A">GND</subfield>
    <subfield code="B">GND-11672613X</subfield>
    <subfield code="C">400</subfield>
  </datafield>
  <datafield tag="GPN" ind1="1" ind2=" ">
    <subfield code="a">Cretschmar, Leopold Cornelius</subfield>
    <subfield code="d">1856-1926</subfield>
    <subfield code="A">GND</subfield>
    <subfield code="B">GND-11672613X</subfield>
    <subfield code="C">400</subfield>
  </datafield>
  <datafield tag="GPN" ind1="0" ind2=" ">
    <subfield code="a">Cretschmar</subfield>
    <subfield code="d">1856-1926</subfield>
    <subfield code="A">GND</subfield>
    <subfield code="B">GND-11672613X</subfield>
    <subfield code="C">400</subfield>
  </datafield>
  <datafield tag="GPN" ind1="1" ind2=" ">
    <subfield code="a">Kretschmar, Cornelius</subfield>
    <subfield code="d">1856-1926</subfield>
    <subfield code="A">GND</subfield>
    <subfield code="B">GND-11672613X</subfield>
    <subfield code="C">400</subfield>
  </datafield>
  <datafield tag="GSI" ind1="7" ind2=" ">
    <subfield code="a">11672613X</subfield>
    <subfield code="0">http://d-nb.info/gnd/11672613X</subfield>
    <subfield code="2">gnd</subfield>
    <subfield code="A">GND</subfield>
    <subfield code="B">GND-11672613X</subfield>
    <subfield code="C">024</subfield>
  </datafield>
</record>
